@misc{example,
	Author = {John Doe},
	Month = {January},
	Title = {An example citation that should never be used in practice},
	Year = {1970}}
